@article{furst1984parity,
  title={Parity, circuits, and the polynomial-time hierarchy},
  author={Furst, Merrick and Saxe, James B and Sipser, Michael},
  journal={Mathematical systems theory},
  volume={17},
  number={1},
  pages={13--27},
  year={1984},
  publisher={Springer}
}

@book{mitzenmacherprobability,
  title={Probability and Computing},
  year={2005},
  author={Mitzenmacher, Michael and Upfal, Eli},
  publisher={Cambridge University Press},
  address={Cambridge}
}

@book{minsky1969perceptrons,
author = {Minsky, Marvin and Papert, Seymour A.},
title = {Perceptrons: An Introduction to Computational Geometry},
year = {1969},
publisher = {The MIT Press},
}



@inproceedings{weiss2018practical,
  title={On the Practical Computational Power of Finite Precision RNNs for Language Recognition},
  author={Weiss, Gail and Goldberg, Yoav and Yahav, Eran},
  booktitle={Proceedings of the 56th Annual Meeting of the Association for Computational Linguistics (Volume 2: Short Papers)},
  pages={740--745},
  year={2018}
}


@inproceedings{sennhauser2018evaluating,
  title={Evaluating the Ability of {LSTM}s to Learn Context-Free Grammars},
  author={Sennhauser, Luzi and Berwick, Robert},
  booktitle={Proceedings of the 2018 EMNLP Workshop BlackboxNLP: Analyzing and Interpreting Neural Networks for NLP},
  pages={115--124},
  year={2018}
}


@article{suzgun2019evaluating,
  title={On Evaluating the Generalization of {LSTM} Models in Formal Languages},
  author={Suzgun, Mirac and Belinkov, Yonatan and Shieber, Stuart M},
  journal={Proceedings of the Society for Computation in Linguistics (SCiL)},
  pages={277--286},
  year={2019}
}


@article{merrill2019sequential,
  title={Sequential neural networks as automata},
  author={Merrill, William},
  journal={arXiv preprint arXiv:1906.01615},
  year={2019}
}



@article{bernardy2018can,
  title={Can Recurrent Neural Networks Learn Nested Recursion?},
  author={Bernardy, Jean-Philippe},
  journal={LiLT (Linguistic Issues in Language Technology)},
  volume={16},
  number={1},
  year={2018}
}


@article{perez2019turing,
  title={On the Turing Completeness of Modern Neural Network Architectures},
  author={P{\'e}rez, Jorge and Marinkovi{\'c}, Javier and Barcel{\'o}, Pablo},
  journal={arXiv preprint arXiv:1901.03429},
  year={2019}
}



@article{chen2017recurrent,
  title={Recurrent neural networks as weighted language recognizers},
  author={Chen, Yining and Gilroy, Sorcha and Maletti, Andreas and May, Jonathan and Knight, Kevin},
  journal={arXiv preprint arXiv:1711.05408},
  year={2017}
}



@article{siegelman1991neural,
  title={On    the    computational    power of   neural   nets},
  author={Siegelman, Hava and Sontag, Eduardo D},
  journal={Journal of Computer and System Sciences},
  year={1995},
  volume={50},
  issue={1},
  pages={132--150}
}



@inproceedings{vaswani2017attention,
  title={Attention is all you need},
  author={Vaswani, Ashish and Shazeer, Noam and Parmar, Niki and Uszkoreit, Jakob and Jones, Llion and Gomez, Aidan N and Kaiser, {\L}ukasz and Polosukhin, Illia},
  booktitle={Advances in neural information processing systems},
  pages={5998--6008},
  year={2017}
}


@article{dehghani2018universal,
  title={Universal transformers},
  author={Dehghani, Mostafa and Gouws, Stephan and Vinyals, Oriol and Uszkoreit, Jakob and Kaiser, {\L}ukasz},
  journal={arXiv preprint arXiv:1807.03819},
  year={2018}
}

@article{tran2018importance,
  title={The importance of being recurrent for modeling hierarchical structure},
  author={Tran, Ke and Bisazza, Arianna and Monz, Christof},
  journal={arXiv preprint arXiv:1803.03585},
  year={2018}
}

@article{yang2019assessing,
  title={Assessing the Ability of Self-Attention Networks to Learn Word Order},
  author={Yang, Baosong and Wang, Longyue and Wong, Derek F and Chao, Lidia S and Tu, Zhaopeng},
  journal={arXiv preprint arXiv:1906.00592},
  year={2019}
}

@inproceedings{yao1986separating,
author={A. C. {Yao}},
booktitle={26th Annual Symposium on Foundations of Computer Science (sfcs 1985)},
title={Separating the polynomial-time hierarchy by oracles},
year={1985},
volume={},
number={},
pages={1-10},
keywords={Polynomials;Circuits;Erbium;Frequency selective surfaces;Computer science;Complexity theory;Computational complexity},
doi={10.1109/SFCS.1985.49},
ISSN={0272-5428},
month={Oct},}

@inproceedings{futrell2019neural,
    title = "Neural language models as psycholinguistic subjects: Representations of syntactic state",
    author = "Futrell, Richard  and
      Wilcox, Ethan  and
      Morita, Takashi  and
      Qian, Peng  and
      Ballesteros, Miguel  and
      Levy, Roger",
    booktitle = "Proceedings of the 2019 Conference of the North {A}merican Chapter of the Association for Computational Linguistics: Human Language Technologies, Volume 1 (Long and Short Papers)",
    month = jun,
    year = "2019",
    address = "Minneapolis, Minnesota",
    publisher = "Association for Computational Linguistics",
    url = "https://www.aclweb.org/anthology/N19-1004",
    doi = "10.18653/v1/N19-1004",
    pages = "32--42",
    abstract = "We investigate the extent to which the behavior of neural network language models reflects incremental representations of syntactic state. To do so, we employ experimental methodologies which were originally developed in the field of psycholinguistics to study syntactic representation in the human mind. We examine neural network model behavior on sets of artificial sentences containing a variety of syntactically complex structures. These sentences not only test whether the networks have a representation of syntactic state, they also reveal the specific lexical cues that networks use to update these states. We test four models: two publicly available LSTM sequence models of English (Jozefowicz et al., 2016; Gulordava et al., 2018) trained on large datasets; an RNN Grammar (Dyer et al., 2016) trained on a small, parsed dataset; and an LSTM trained on the same small corpus as the RNNG. We find evidence for basic syntactic state representations in all models, but only the models trained on large datasets are sensitive to subtle lexical cues signaling changes in syntactic state.",
}


@article{hastad1994optimal,
  title={Optimal Depth, Very Small Size Circuits for Symmetrical Functions in AC0},
  author={Hastad, Johan and Wegener, Ingo and Wurm, Norbert and Yi, Sang-Zin},
  journal={Information and Computation},
  volume={108},
  number={2},
  pages={200--211},
  year={1994},
  publisher={Elsevier}
}

@book{arora2009computational,
  title={Computational complexity: a modern approach},
  author={Arora, Sanjeev and Barak, Boaz},
  year={2009},
  publisher={Cambridge University Press}
}

@article{kirov2012processing,
  title={Processing of nested and cross-serial dependencies: an automaton perspective on SRN behaviour},
  author={Kirov, Christo and Frank, Robert},
  journal={Connection Science},
  volume={24},
  number={1},
  pages={1--24},
  year={2012},
  publisher={Taylor \& Francis}
}


@inproceedings{kirov2013bayesian,
  title={Bayesian speech production: Evidence from latency and hyperarticulation},
  author={Kirov, Christo and Wilson, Colin},
  booktitle={Proceedings of the annual meeting of the cognitive science society},
  volume={35},
  number={35},
  year={2013}
}


@inproceedings{kirov2012specificity,
  title={The specificity of online variation in speech production},
  author={Kirov, Christo and Wilson, Colin},
  booktitle={Proceedings of the Annual Meeting of the Cognitive Science Society},
  volume={34},
  number={34},
  year={2012}
}


@article{shen2018reinforced,
  title={Reinforced self-attention network: a hybrid of hard and soft attention for sequence modeling},
  author={Shen, Tao and Zhou, Tianyi and Long, Guodong and Jiang, Jing and Wang, Sen and Zhang, Chengqi},
  journal={arXiv preprint arXiv:1801.10296},
  year={2018}
}


@inproceedings{shen2018disan,
  title={Disan: Directional self-attention network for rnn/cnn-free language understanding},
  author={Shen, Tao and Zhou, Tianyi and Long, Guodong and Jiang, Jing and Pan, Shirui and Zhang, Chengqi},
  booktitle={Thirty-Second AAAI Conference on Artificial Intelligence},
  year={2018}
}


@article{shaw2018self,
  title={Self-attention with relative position representations},
  author={Shaw, Peter and Uszkoreit, Jakob and Vaswani, Ashish},
  journal={arXiv preprint arXiv:1803.02155},
  year={2018}
}


@article{chen2018best,
  title={The best of both worlds: Combining recent advances in neural machine translation},
  author={Chen, Mia Xu and Firat, Orhan and Bapna, Ankur and Johnson, Melvin and Macherey, Wolfgang and Foster, George and Jones, Llion and Parmar, Niki and Schuster, Mike and Chen, Zhifeng and others},
  journal={arXiv preprint arXiv:1804.09849},
  year={2018}
}



@article{hao2019modeling,
  title={Modeling Recurrence for Transformer},
  author={Hao, Jie and Wang, Xing and Yang, Baosong and Wang, Longyue and Zhang, Jinfeng and Tu, Zhaopeng},
  journal={arXiv preprint arXiv:1904.03092},
  year={2019}
}


@article{paulus2017deep,
  title={A deep reinforced model for abstractive summarization},
  author={Paulus, Romain and Xiong, Caiming and Socher, Richard},
  journal={arXiv preprint arXiv:1705.04304},
  year={2017}
}


@article{cheng2016long,
  title={Long short-term memory-networks for machine reading},
  author={Cheng, Jianpeng and Dong, Li and Lapata, Mirella},
  journal={arXiv preprint arXiv:1601.06733},
  year={2016}
}


@article{lin2017structured,
  title={A structured self-attentive sentence embedding},
  author={Lin, Zhouhan and Feng, Minwei and Santos, Cicero Nogueira dos and Yu, Mo and Xiang, Bing and Zhou, Bowen and Bengio, Yoshua},
  journal={arXiv preprint arXiv:1703.03130},
  year={2017}
}


@article{parikh2016decomposable,
  title={A decomposable attention model for natural language inference},
  author={Parikh, Ankur P and T{\"a}ckstr{\"o}m, Oscar and Das, Dipanjan and Uszkoreit, Jakob},
  journal={arXiv preprint arXiv:1606.01933},
  year={2016}
}


@article{voita2019analyzing,
  title={Analyzing Multi-Head Self-Attention: Specialized Heads Do the Heavy Lifting, the Rest Can Be Pruned},
  author={Voita, Elena and Talbot, David and Moiseev, Fedor and Sennrich, Rico and Titov, Ivan},
  journal={arXiv preprint arXiv:1905.09418},
  year={2019}
}


@inproceedings{clark2019bert,
  title={What Does {BERT} Look At? An Analysis of {BERT}'s Attention},
  author={Kevin Clark and Urvashi Khandelwal and Omer Levy and Christopher D. Manning},
  booktitle={Proceedings of BlackboxNLP 2019},
  year={2019}
}



@article{dai2019transformer,
  title={Transformer-xl: Attentive language models beyond a fixed-length context},
  author={Dai, Zihang and Yang, Zhilin and Yang, Yiming and Cohen, William W and Carbonell, Jaime and Le, Quoc V and Salakhutdinov, Ruslan},
  journal={arXiv preprint arXiv:1901.02860},
  year={2019}
}

@article{child2019generating,
  title={Generating long sequences with sparse transformers},
  author={Child, Rewon and Gray, Scott and Radford, Alec and Sutskever, Ilya},
  journal={arXiv preprint arXiv:1904.10509},
  year={2019}
}

@article{gulordava2018colorless,
  title={Colorless green recurrent networks dream hierarchically},
  author={Gulordava, Kristina and Bojanowski, Piotr and Grave, Edouard and Linzen, Tal and Baroni, Marco},
  journal={arXiv preprint arXiv:1803.11138},
  year={2018}
}

@article{linzen2016assessing,
	Author = {Linzen, Tal and Dupoux, Emmanuel and Goldberg, Yoav},
	Journal = {Transactions of the Association for Computational Linguistics},
	Title = {Assessing the ability of {LSTMs} to learn syntax-sensitive dependencies},
    Volume = {4},
    Pages = {521--535},
	Year = {2016}
}

@inproceedings{skachkova2018closing,
  title={Closing Brackets with Recurrent Neural Networks},
  author={Skachkova, Natalia and Trost, Thomas and Klakow, Dietrich},
  booktitle={Proceedings of the 2018 EMNLP Workshop BlackboxNLP: Analyzing and Interpreting Neural Networks for NLP},
  pages={232--239},
  year={2018}
}


@article{tabor2000fractal,
  title={Fractal encoding of context-free grammars in connectionist networks},
  author={Tabor, Whitney},
  journal={Expert Systems},
  volume={17},
  number={1},
  pages={41--56},
  year={2000},
  publisher={Wiley Online Library}
}


@article{gruning2006stack,
  title={Stack-like and queue-like dynamics in recurrent neural networks},
  author={Gr{\"u}ning, Andr{\'e}},
  journal={Connection Science},
  volume={18},
  number={1},
  pages={23--42},
  year={2006},
  publisher={Taylor \& Francis}
}


@incollection{chomsky1963algebraic,
  title={The algebraic theory of context-free languages},
  author={Chomsky, Noam and Sch{\"u}tzenberger, Marcel P},
  booktitle={Studies in Logic and the Foundations of Mathematics},
  volume={35},
  pages={118--161},
  year={1963},
  publisher={Elsevier}
}

@article{gers2001lstm,
  title={{LSTM} recurrent networks learn simple context-free and context-sensitive languages},
  author={Gers, Felix A and Schmidhuber, E},
  journal={IEEE Transactions on Neural Networks},
  volume={12},
  number={6},
  pages={1333--1340},
  year={2001},
  publisher={IEEE}
}
@inproceedings{kalinke1998computation,
  title={Computation in recurrent neural networks: From counters to iterated function systems},
  author={Kalinke, Yvonne and Lehmann, Helko},
  booktitle={Australian Joint Conference on Artificial Intelligence},
  pages={179--190},
  year={1998},
  organization={Springer}
}



@article{everaert2015structures,
  title={Structures, not strings: linguistics as part of the cognitive sciences},
  author={Everaert, Martin BH and Huybregts, Marinus AC and Chomsky, Noam and Berwick, Robert C and Bolhuis, Johan J},
  journal={Trends in cognitive sciences},
  volume={19},
  number={12},
  pages={729--743},
  year={2015},
  publisher={Elsevier}
}





@article{elman1990finding,
  title={Finding structure in time},
  author={Elman, Jeffrey L},
  journal={Cognitive science},
  volume={14},
  number={2},
  pages={179--211},
  year={1990},
  publisher={Wiley Online Library}
}


@article{cartling2008implicit,
  title={On the implicit acquisition of a context-free grammar by a simple recurrent neural network},
  author={Cartling, Bo},
  journal={Neurocomputing},
  volume={71},
  number={7-9},
  pages={1527--1537},
  year={2008},
  publisher={Elsevier}
}

@incollection{montague1973proper,
  title={The proper treatment of quantification in ordinary English},
  author={Montague, Richard},
  booktitle={Approaches to natural language},
  pages={221--242},
  year={1973},
  publisher={Springer}
}

@article{marvin2018targeted,
  title={Targeted syntactic evaluation of language models},
  author={Marvin, Rebecca and Linzen, Tal},
  journal={arXiv preprint arXiv:1808.09031},
  year={2018}
}

@article{lewis2005activation,
  title={An activation-based model of sentence processing as skilled memory retrieval},
  author={Lewis, Richard L and Vasishth, Shravan},
  journal={Cognitive science},
  volume={29},
  number={3},
  pages={375--419},
  year={2005},
  publisher={Wiley Online Library}
}


@article{lin2019open,
  title={Open Sesame: Getting Inside {BERT}'s Linguistic Knowledge},
  author={Lin, Yongjie and Tan, Yi Chern and Frank, Robert},
  journal={arXiv preprint arXiv:1906.01698},
  year={2019}
}

@inproceedings{devlin2019bert,
	title="{BERT}: Pre-training of Deep Bidirectional Transformers for Language Understanding",
	author="Jacob {Devlin} and Ming-Wei {Chang} and Kenton {Lee} and Kristina {Toutanova}",
	booktitle="NAACL-HLT 2019: Annual Conference of the North American Chapter of the Association for Computational Linguistics",
	pages="4171--4186",
	notes="Sourced from Microsoft Academic - https://academic.microsoft.com/paper/2963341956",
	year="2019"
}

@article{tenney2019bert,
  title={Bert rediscovers the classical nlp pipeline},
  author={Tenney, Ian and Das, Dipanjan and Pavlick, Ellie},
  journal={arXiv preprint arXiv:1905.05950},
  year={2019}
}


@incollection{miller-finitary-1963,
        title = {Finitary models of language users},
        booktitle = {Handbook of {Mathematical} {Psychology}},
        author = {Miller, George A and Chomsky, Noam},
        year = {1963}
}

@article{gibson1999memory,
  title={Memory limitations and structural forgetting: The perception of complex ungrammatical sentences as grammatical},
  author={Gibson, Edward and Thomas, James},
  journal={Language and Cognitive Processes},
  volume={14},
  number={3},
  pages={225--248},
  year={1999},
  publisher={Taylor \& Francis}
}


@inproceedings{gopalan2016smooth,
  title={Smooth boolean functions are easy: Efficient algorithms for low-sensitivity functions},
  author={Gopalan, Parikshit and Nisan, Noam and Servedio, Rocco A and Talwar, Kunal and Wigderson, Avi},
  booktitle={Proceedings of the 2016 ACM Conference on Innovations in Theoretical Computer Science},
  pages={59--70},
  year={2016},
  organization={ACM}
}


@article{de2018deep,
  title={Deep neural networks are biased towards simple functions},
  author={De Palma, Giacomo and Kiani, Bobak Toussi and Lloyd, Seth},
  journal={arXiv preprint arXiv:1812.10156},
  year={2018}
}

@inproceedings{gilmer2015new,
  title={A new approach to the sensitivity conjecture},
  author={Gilmer, Justin and Kouck{\`y}, Michal and Saks, Michael E},
  booktitle={Proceedings of the 2015 Conference on Innovations in Theoretical Computer Science},
  pages={247--254},
  year={2015},
  organization={ACM}
}


@article{rossman2018average,
  title={The average sensitivity of bounded-depth formulas},
  author={Rossman, Benjamin},
  journal={computational complexity},
  volume={27},
  number={2},
  pages={209--223},
  year={2018},
  publisher={Springer}
}



@article{boppana1997average,
  title={The average sensitivity of bounded-depth circuits},
  author={Boppana, Ravi B},
  journal={Information processing letters},
  volume={63},
  number={5},
  pages={257--261},
  year={1997},
  publisher={Elsevier}
}



@article{miller2018recurrent,
  title={When Recurrent Models Don't Need To Be Recurrent},
  author={Miller, John and Hardt, Moritz},
  journal={arXiv preprint arXiv:1805.10369},
  year={2018}
}

@article{bengio1994learning,
  title={Learning long-term dependencies with gradient descent is difficult},
  author={Bengio, Yoshua and Simard, Patrice and Frasconi, Paolo and others},
  journal={IEEE transactions on neural networks},
  volume={5},
  number={2},
  pages={157--166},
  year={1994}
}


@book{mcnaughton1971counter,
  title={Counter-Free Automata (MIT research monograph no. 65)},
  author={McNaughton, Robert and Papert, Seymour A},
  year={1971},
  publisher={The MIT Press}
}

@article{parker2017cue,
  title={The cue-based retrieval theory of sentence comprehension: New findings and new challenges},
  author={Parker, Dan and Shvartsman, Michael and Van Dyke, Julie A},
  journal={Language processing and disorders},
  pages={121--144},
  year={2017},
  publisher={Cambridge Scholars Publishing Newcastle}
}




@article{barrington1992regular,
  title={Regular languages in NC1},
  author={Barrington, David A Mix and Compton, Kevin and Straubing, Howard and Th{\'e}rien, Denis},
  journal={Journal of Computer and System Sciences},
  volume={44},
  number={3},
  pages={478--499},
  year={1992},
  publisher={Elsevier}
}

@article{korsky2019computational,
  title={On the Computational Power of RNNs},
  author={Samuel A. Korsky and Robert C. Berwick},
  journal={arXiv preprint arXiv:1906.06349},
  year={2019}
}


@article{venkatesh1998pseudo,
  title={Pseudo-average block sensitivity equals average sensitivity},
  author={Venkatesh, Srinivasan},
  journal={Information processing letters},
  volume={68},
  number={2},
  pages={93--95},
  year={1998},
  publisher={Elsevier}
}

@book{odonnell2014analysis,
	title="Analysis of Boolean Functions",
	author="Ryan {O'Donnell}",
	publisher={Cambridge University Press},
	notes="Sourced from Microsoft Academic - https://academic.microsoft.com/paper/1891181203",
	year="2014"
}


@article{bernasconi1996sensitivity,
	title="Sensitivity vs. block sensitivity (an average-case study)",
	author="A. {Bernasconi}",
	journal="Information Processing Letters",
	volume="59",
	number="3",
	pages="151--157",
	notes="Sourced from Microsoft Academic - https://academic.microsoft.com/paper/2079828635",
	year="1996"
}


@article{nisan1991crew,
	title="{CREW} {PRAMs} and decision trees",
	author="Noam {Nisan}",
	journal="SIAM Journal on Computing",
	volume="20",
	number="6",
	pages="999--1007",
	notes="Sourced from Microsoft Academic - https://academic.microsoft.com/paper/1867758558",
	year="1991"
}


@article{venkatesh1998pseudo,
	title="Pseudo-average block sensitivity equals average sensitivity",
	author="S. {Venkatesh}",
	journal="Information Processing Letters",
	volume="68",
	number="2",
	pages="93--95",
	notes="Sourced from Microsoft Academic - https://academic.microsoft.com/paper/2045361120",
	year="1998"
}

@inproceedings{kahn1988the,
	title="The influence of variables on Boolean functions",
	author="J. {Kahn} and G. {Kalai} and N. {Linial}",
	booktitle="[Proceedings 1988] 29th Annual Symposium on Foundations of Computer Science",
	pages="68--80",
	notes="Sourced from Microsoft Academic - https://academic.microsoft.com/paper/2103749128",
	year="1988"
}

@book{jukna2012boolean,
	title="Boolean Function Complexity: Advances and Frontiers",
	author="Stasys {Jukna}",
	notes="Sourced from Microsoft Academic - https://academic.microsoft.com/paper/112858668",
	year="2012"
}


@inproceedings{kaushik2020learning,
	title="Learning The Difference That Makes A Difference With Counterfactually-Augmented Data",
	author="Divyansh {Kaushik} and Eduard {Hovy} and Zachary {Lipton}",
	booktitle="ICLR 2020: Eighth International Conference on Learning Representations",
	notes="Sourced from Microsoft Academic - https://academic.microsoft.com/paper/2994934025",
	year="2020"
}

@article{gardner2020evaluating,
	title="Evaluating {NLP} Models via Contrast Sets",
	author="Matt {Gardner} and Yoav {Artzi} and Victoria {Basmova} and Jonathan {Berant} and Ben {Bogin} and Sihao {Chen} and Pradeep {Dasigi} and Dheeru {Dua} and Yanai {Elazar} and Ananth {Gottumukkala} and Nitish {Gupta} and Hanna {Hajishirzi} and Gabriel {Ilharco} and Daniel {Khashabi} and Kevin {Lin} and Jiangming {Liu} and Nelson F. {Liu} and Phoebe {Mulcaire} and Qiang {Ning} and Sameer {Singh} and Noah A. {Smith} and Sanjay {Subramanian} and Reut {Tsarfaty} and Eric {Wallace} and Ally {Zhang} and Ben {Zhou}",
	journal="arXiv preprint arXiv:2004.02709",
	notes="Sourced from Microsoft Academic - https://academic.microsoft.com/paper/3014564055",
	year="2020"
}

@inproceedings{jia2017adversarial,
	title="Adversarial Examples for Evaluating Reading Comprehension Systems",
	author="Robin {Jia} and Percy {Liang}",
	booktitle="Proceedings of the 2017 Conference on Empirical Methods in Natural
      Language Processing",
	pages="2021--2031",
	notes="Sourced from Microsoft Academic - https://academic.microsoft.com/paper/2963969878",
	year="2017"
}


@article{hatami2010variations,
	title="Variations on the Sensitivity Conjecture",
	author="Pooya {Hatami} and Raghav {Kulkarni} and Denis {Pankratov}",
	journal="Theory of Computing",
	volume="4",
	pages="1--27",
	notes="Sourced from Microsoft Academic - https://academic.microsoft.com/paper/2963994076",
	year="2010"
}

@inproceedings{kim2014convolutional,
	title="Convolutional Neural Networks for Sentence Classification",
	author="Yoon {Kim}",
	booktitle="Proceedings of the 2014 Conference on Empirical Methods in Natural Language Processing (EMNLP)",
	pages="1746--1751",
	notes="Sourced from Microsoft Academic - https://academic.microsoft.com/paper/1832693441",
	year="2014"
}



@inproceedings{levy2018long,
	title="Long Short-Term Memory as a Dynamically Computed Element-wise Weighted Sum",
	author="Omer {Levy} and Kenton {Lee} and Nicholas {FitzGerald} and Luke {Zettlemoyer}",
	booktitle="ACL 2018: 56th Annual Meeting of the Association for Computational Linguistics",
	pages="732--739",
	notes="Sourced from Microsoft Academic - https://academic.microsoft.com/paper/2963410683",
	year="2018"
}

@article{hahn2020theoretical,
	title="Theoretical Limitations of Self-Attention in Neural Sequence Models",
	author="Michael {Hahn}",
	journal="Transactions of the Association for Computational Linguistics",
	volume="8",
	pages="156--171",
	notes="Sourced from Microsoft Academic - https://academic.microsoft.com/paper/3014096773",
	year="2020"
}

@inproceedings{vaswani2017attention,
	title="Attention is All You Need",
	author="Ashish {Vaswani} and Noam {Shazeer} and Niki {Parmar} and Jakob {Uszkoreit} and Llion {Jones} and Aidan N. {Gomez} and Lukasz {Kaiser} and Illia {Polosukhin}",
	booktitle="Proceedings of the 31st International Conference on {N}eural {I}nformation {P}rocessing {S}ystems",
	pages="5998--6008",
	notes="Sourced from Microsoft Academic - https://academic.microsoft.com/paper/2963403868",
	year="2017"
}

@article{hochreiter1997long,
	title="Long short-term memory",
	author="Sepp {Hochreiter} and Jürgen {Schmidhuber}",
	journal="Neural Computation",
	volume="9",
	number="8",
	pages="1735--1780",
	notes="Sourced from Microsoft Academic - https://academic.microsoft.com/paper/2064675550",
	year="1997"
}


@inproceedings{wang2019glue,
	title="GLUE: A Multi-Task Benchmark and Analysis Platform for Natural Language Understanding",
	author="Alex {Wang} and Amanpreet {Singh} and Julian {Michael} and Felix {Hill} and Omer {Levy} and Samuel R. {Bowman}",
	booktitle="ICLR 2019: 7th International Conference on Learning Representations",
	notes="Sourced from Microsoft Academic - https://academic.microsoft.com/paper/2963310665",
	year="2019"
}



@article{liu2019roberta,
	title="{RoBERTa}: A Robustly Optimized {BERT} Pretraining Approach",
	author="Yinhan {Liu} and Myle {Ott} and Naman {Goyal} and Jingfei {Du} and Mandar {Joshi} and Danqi {Chen} and Omer {Levy} and Mike {Lewis} and Luke {Zettlemoyer} and Veselin {Stoyanov}",
	journal="arXiv preprint arXiv:1907.11692",
	notes="Sourced from Microsoft Academic - https://academic.microsoft.com/paper/2965373594",
	year="2019"
}

@inproceedings{yang2019xlnet,
	title="{XLNet}: Generalized Autoregressive Pretraining for Language Understanding",
	author="Zhilin {Yang} and Zihang {Dai} and Yiming {Yang} and Jaime {Carbonell} and Ruslan {Salakhutdinov} and Quoc V {Le}",
	booktitle="NeurIPS 2019: Thirty-third Conference on {N}eural {I}nformation {P}rocessing {S}ystems",
	pages="5753--5763",
	notes="Sourced from Microsoft Academic - https://academic.microsoft.com/paper/2970597249",
	year="2019"
}

@article{wolf2019huggingface,
	title="HuggingFace's Transformers: State-of-the-art Natural Language Processing",
	author="Thomas {Wolf} and Lysandre {Debut} and Victor {Sanh} and Julien {Chaumond} and Clement {Delangue} and Anthony {Moi} and Pierric {Cistac} and Tim {Rault} and Rémi {Louf} and Morgan {Funtowicz} and Jamie {Brew}",
	journal="arXiv preprint arXiv:1910.03771",
	notes="Sourced from Microsoft Academic - https://academic.microsoft.com/paper/2980282514",
	year="2019"
}

@inproceedings{ott2019fairseq,
	title="fairseq: A Fast, Extensible Toolkit for Sequence Modeling",
	author="Myle {Ott} and Sergey {Edunov} and Alexei {Baevski} and Angela {Fan} and Sam {Gross} and Nathan {Ng} and David {Grangier} and Michael {Auli}",
	booktitle="NAACL-HLT 2019: Annual Conference of the North American Chapter of the Association for Computational Linguistics",
	pages="48--53",
	notes="Sourced from Microsoft Academic - https://academic.microsoft.com/paper/2933138175",
	year="2019"
}


@inproceedings{wang2019superglue,
	title="SuperGLUE: A Stickier Benchmark for General-Purpose Language Understanding Systems",
	author="Alex {Wang} and Yada {Pruksachatkun} and Nikita {Nangia} and Amanpreet {Singh} and Julian {Michael} and Felix {Hill} and Omer {Levy} and Samuel R. {Bowman}",
	booktitle="Advances in {N}eural {I}nformation {P}rocessing {S}ystems",
	pages="3266--3280",
	notes="Sourced from Microsoft Academic - https://academic.microsoft.com/paper/2990704537",
	year="2019"
}



@inproceedings{silveira2014a,
	title="A Gold Standard Dependency Corpus for English",
	author="Natalia {Silveira} and Timothy {Dozat} and Marie-Catherine de {Marneffe} and Samuel {Bowman} and Miriam {Connor} and John {Bauer} and Chris {Manning}",
	booktitle="Proceedings of the Ninth International Conference on Language Resources and Evaluation (LREC'14)",
	pages="2897--2904",
	notes="Sourced from Microsoft Academic - https://academic.microsoft.com/paper/2250263931",
	year="2014"
}


@inproceedings{marvin2018targeted,
	title="Targeted Syntactic Evaluation of Language Models",
	author="Rebecca {Marvin} and Tal {Linzen}",
	booktitle="EMNLP 2018: 2018 Conference on Empirical Methods in Natural Language Processing",
	pages="1192--1202",
	notes="Sourced from Microsoft Academic - https://academic.microsoft.com/paper/2888922637",
	year="2018"
}

@inproceedings{Gauthier:et-al:2020:syntaxgym,
  author = {Gauthier, Jon and Hu, Jennifer and Wilcox, Ethan and Qian, Peng and Levy, Roger},
  title = {{SyntaxGym}: An online platform for targeted evaluation of language models},
  booktitle = {Proceedings of the Association for Computational Linguistics: System Demonstrations (ACL 2020)},
  year = {2020}
}

@article{hu2020a,
	title="A Closer Look at the Performance of Neural Language Models on Reflexive Anaphor Licensing",
	author="Jennifer {Hu} and Sherry Y {Chen} and Roger P. {Levy}",
	journal="Proceedings of the Society for Computation in Linguistics",
	volume="3",
	number="1",
	pages="382--392",
	notes="Sourced from Microsoft Academic - https://academic.microsoft.com/paper/2994726368",
	year="2020"
}

@inproceedings{socher2013recursive,
	title="Recursive Deep Models for Semantic Compositionality Over a Sentiment Treebank",
	author="Richard {Socher} and Alex {Perelygin} and Jean {Wu} and Jason {Chuang} and Christopher D. {Manning} and Andrew {Ng} and Christopher {Potts}",
	booktitle="Proceedings of the 2013 Conference on Empirical Methods in Natural Language Processing",
	pages="1631--1642",
	notes="Sourced from Microsoft Academic - https://academic.microsoft.com/paper/2251939518",
	year="2013"
}

@article{dagan2009recognizing,
	title="Recognizing textual entailment: Rational, evaluation and approaches",
	author="Ido {Dagan} and Bill {Dolan} and Bernardo {Magnini} and Dan {Roth}",
	journal="Natural Language Engineering",
	volume="15",
	number="4",
	notes="Sourced from Microsoft Academic - https://academic.microsoft.com/paper/2118707092",
	year="2009"
}

@inproceedings{howard2018universal,
	title="Universal Language Model Fine-tuning for Text Classification",
	author="Jeremy {Howard} and Sebastian {Ruder}",
	booktitle="ACL 2018: 56th Annual Meeting of the Association for Computational Linguistics",
	volume="1",
	pages="328--339",
	notes="Sourced from Microsoft Academic - https://academic.microsoft.com/paper/2963026768",
	year="2018"
}

@inproceedings{peters2018deep,
	title="DEEP CONTEXTUALIZED WORD REPRESENTATIONS",
	author="Matthew E {Peters} and Mark {Neumann} and Mohit {Iyyer} and Matt {Gardner} and Christopher {Clark} and Kenton {Lee} and Luke {Zettlemoyer}",
	booktitle="NAACL HLT 2018: 16th Annual Conference of the North American Chapter of the Association for Computational Linguistics: Human Language Technologies",
	volume="1",
	pages="2227--2237",
	notes="Sourced from Microsoft Academic - https://academic.microsoft.com/paper/2962739339",
	year="2018"
}



@inproceedings{wang2012baselines,
	title="Baselines and Bigrams: Simple, Good Sentiment and Topic Classification",
	author="Sida {Wang} and Christopher {Manning}",
	booktitle="Proceedings of the 50th Annual Meeting of the Association for Computational Linguistics (Volume 2: Short Papers)",
	volume="2",
	pages="90--94",
	notes="Sourced from Microsoft Academic - https://academic.microsoft.com/paper/2154359981",
	year="2012"
}


@article{wiebe2005annotating,
	title="Annotating Expressions of Opinions and Emotions in Language",
	author="Janyce {Wiebe} and Theresa {Wilson} and Claire {Cardie}",
	journal="language resources and evaluation",
	volume="39",
	number="2",
	pages="165--210",
	notes="Sourced from Microsoft Academic - https://academic.microsoft.com/paper/2014902591",
	year="2005"
}


@inproceedings{hu2004mining,
	title="Mining and summarizing customer reviews",
	author="Minqing {Hu} and Bing {Liu}",
	booktitle="Proceedings of the tenth ACM SIGKDD international conference on Knowledge discovery and data mining",
	pages="168--177",
	notes="Sourced from Microsoft Academic - https://academic.microsoft.com/paper/2160660844",
	year="2004"
}

@inproceedings{pang2004a,
	title="A Sentimental Education: Sentiment Analysis Using Subjectivity Summarization Based on Minimum Cuts",
	author="Bo {Pang} and Lillian {Lee}",
	booktitle="Proceedings of the 42nd Meeting of the Association for Computational Linguistics (ACL'04), Main Volume",
	pages="271--278",
	notes="Sourced from Microsoft Academic - https://academic.microsoft.com/paper/2114524997",
	year="2004"
}

@inproceedings{pang2005seeing,
	title="Seeing Stars: Exploiting Class Relationships for Sentiment Categorization with Respect to Rating Scales",
	author="Bo {Pang} and Lillian {Lee}",
	booktitle="Proceedings of the 43rd Annual Meeting of the Association for Computational Linguistics (ACL'05)",
	pages="115--124",
	notes="Sourced from Microsoft Academic - https://academic.microsoft.com/paper/2163455955",
	year="2005"
}


@inproceedings{lei2018simple,
	title="Simple Recurrent Units for Highly Parallelizable Recurrence.",
	author="Tao {Lei} and Yu {Zhang} and Sida I. {Wang} and Hui {Dai} and Yoav {Artzi}",
	booktitle="Proceedings of the 2018 Conference on Empirical Methods in Natural Language Processing",
	pages="4470--4481",
	notes="Sourced from Microsoft Academic - https://academic.microsoft.com/paper/2963174729",
	year="2018"
}


@article{qi2020stanza,
	title="Stanza: A Python Natural Language Processing Toolkit for Many Human Languages",
	author="Peng {Qi} and Yuhao {Zhang} and Yuhui {Zhang} and Jason {Bolton} and Christopher D. {Manning}",
	journal="arXiv preprint arXiv:2003.07082",
	notes="Sourced from Microsoft Academic - https://academic.microsoft.com/paper/3011573503",
	year="2020"
}

@inproceedings{qi2018universal,
	title="Universal Dependency Parsing from Scratch",
	author="Peng {Qi} and Timothy {Dozat} and Yuhao {Zhang} and Christopher D. {Manning}",
	booktitle="Proceedings of the CoNLL 2018 Shared Task: Multilingual Parsing from Raw Text to Universal Dependencies",
	pages="160--170",
	notes="Sourced from Microsoft Academic - https://academic.microsoft.com/paper/2899024931",
	year="2018"
}

@book{minsky1969perceptrons,
	title="Perceptrons: An Introduction to Computational Geometry",
	author="Marvin Lee {Minsky} and Seymour {Papert}",
	notes="Sourced from Microsoft Academic - https://academic.microsoft.com/paper/2086789740",
	year="1969"
}

@inproceedings{hsieh-etal-2019-robustness,
    title = "On the Robustness of Self-Attentive Models",
    author = "Hsieh, Yu-Lun  and
      Cheng, Minhao  and
      Juan, Da-Cheng  and
      Wei, Wei  and
      Hsu, Wen-Lian  and
      Hsieh, Cho-Jui",
    booktitle = "Proceedings of the 57th Annual Meeting of the Association for Computational Linguistics",
    month = jul,
    year = "2019",
    address = "Florence, Italy",
    publisher = "Association for Computational Linguistics",
    url = "https://www.aclweb.org/anthology/P19-1147",
    doi = "10.18653/v1/P19-1147",
    pages = "1520--1529",
    abstract = "This work examines the robustness of self-attentive neural networks against adversarial input perturbations. Specifically, we investigate the attention and feature extraction mechanisms of state-of-the-art recurrent neural networks and self-attentive architectures for sentiment analysis, entailment and machine translation under adversarial attacks. We also propose a novel attack algorithm for generating more natural adversarial examples that could mislead neural models but not humans. Experimental results show that, compared to recurrent neural models, self-attentive models are more robust against adversarial perturbation. In addition, we provide theoretical explanations for their superior robustness to support our claims.",
}

@article{kulkarni2016on,
	title="On Fractional Block Sensitivity.",
	author="Raghav {Kulkarni} and Avishay {Tal}",
	journal="Chicago Journal of Theoretical Computer Science",
	volume="2016",
	notes="Sourced from Microsoft Academic - https://academic.microsoft.com/paper/2578797763",
	year="2016"
}

@book{minsky1969perceptrons,
	title="Perceptrons: An Introduction to Computational Geometry",
	author="Marvin Lee {Minsky} and Seymour {Papert}",
	notes="Sourced from Microsoft Academic - https://academic.microsoft.com/paper/2086789740",
	year="1969"
}

@article{greenbury2016genetic,
	title="Genetic Correlations Greatly Increase Mutational Robustness and Can Both Reduce and Enhance Evolvability",
	author="Sam F. {Greenbury} and Steffen {Schaper} and Sebastian E. {Ahnert} and Ard A. {Louis}",
	journal="PLOS Computational Biology",
	volume="12",
	number="3",
	notes="Sourced from Microsoft Academic - https://academic.microsoft.com/paper/2210383493",
	year="2016"
}

@article{wegener1987the,
	title="The Complexity of Symmetric Boolean Functions",
	author="Ingo {Wegener}",
	journal="Computation Theory and Logic, In Memory of Dieter Rödding",
	pages="433--442",
	notes="Sourced from Microsoft Academic - https://academic.microsoft.com/paper/1587602953",
	year="1987"
}

@article{kulkarni2016on,
	title="On Fractional Block Sensitivity.",
	author="Raghav {Kulkarni} and Avishay {Tal}",
	journal="Chicago Journal of Theoretical Computer Science",
	volume="2016",
	notes="Sourced from Microsoft Academic - https://academic.microsoft.com/paper/2578797763",
	year="2016"
}

@inproceedings{cheng1990an,
	title="An entropy measure for the complexity of multi-output Boolean functions",
	author="Kwang-Ting {Cheng} and Vishwani D. {Agrawal}",
	booktitle="Proceedings of the 27th ACM/IEEE Design Automation Conference on ",
	pages="302--305",
	notes="Sourced from Microsoft Academic - https://academic.microsoft.com/paper/2148482302",
	year="1990"
}

@article{franco2005role,
	title="Role of function complexity and network size in the generalization ability of feedforward networks",
	author="Leonardo {Franco} and José M. {Jerez} and José M. {Bravo}",
	journal="international conference on artificial neural networks",
	pages="1--8",
	notes="Sourced from Microsoft Academic - https://academic.microsoft.com/paper/1533354148",
	year="2005"
}

@inproceedings{franco2004on,
	title="On a generalization complexity measure for Boolean functions",
	author="L. {Franco} and M. {Anthony}",
	booktitle="2004 IEEE International Joint Conference on Neural Networks (IEEE Cat. No.04CH37541)",
	volume="2",
	pages="973--978",
	notes="Sourced from Microsoft Academic - https://academic.microsoft.com/paper/2117549320",
	year="2004"
}

@article{franco2006generalization,
	title="Generalization ability of Boolean functions implemented in feedforward neural networks",
	author="Leonardo {Franco}",
	journal="Neurocomputing",
	volume="70",
	number="1",
	pages="351--361",
	notes="Sourced from Microsoft Academic - https://academic.microsoft.com/paper/2122613489",
	year="2006"
}

@article{franco2006the,
	title="The influence of oppositely classified examples on the generalization complexity of Boolean functions",
	author="L. {Franco} and M. {Anthony}",
	journal="IEEE Transactions on Neural Networks",
	volume="17",
	number="3",
	pages="578--590",
	notes="Sourced from Microsoft Academic - https://academic.microsoft.com/paper/2123660490",
	year="2006"
}

@article{gomez2014the,
	title="The generalization complexity measure for continuous input data.",
	author="Iván {G{\'o}mez} and Sergio A. {Cannas} and Omar {Osenda} and José M. {Jerez} and Leonardo {Franco}",
	journal="The Scientific World Journal",
	volume="2014",
	pages="815156--815156",
	notes="Sourced from Microsoft Academic - https://academic.microsoft.com/paper/2053167324",
	year="2014"
}

@article{franco2003the,
	title="The influence of opposite examples and randomness on the generalization complexity of Boolean functions",
	author="Leonardo {Franco} and Martin {Anthony}",
	journal="",
	notes="Sourced from Microsoft Academic - https://academic.microsoft.com/paper/2112845300",
	year="2003"
}

@inproceedings{gomez2010extension,
	title="Extension of the generalization complexity measure to real valued input data sets",
	author="Iván {G{\'o}mez} and Leonardo {Franco} and José M. {Jerez} and José L. {Subirats}",
	booktitle="ISNN'10 Proceedings of the 7th international conference on Advances in Neural Networks - Volume Part I",
	pages="86--94",
	notes="Sourced from Microsoft Academic - https://academic.microsoft.com/paper/2130900802",
	year="2010"
}

@article{franco2001a,
	title="A measure for the complexity of Boolean functions related to their implementation in neural networks",
	author="Leonardo {Franco}",
	journal="arXiv preprint arXiv:cond-mat/0111169",
	notes="Sourced from Microsoft Academic - https://academic.microsoft.com/paper/1509570633",
	year="2001"
}

@article{chande1997number,
	title="Number of Restrictions of a Boolean Function act as a Complexity Measure",
	author="Vinay {Chande} and P G {Poonacha}",
	journal="Iete Journal of Research",
	volume="43",
	number="1",
	pages="3--10",
	notes="Sourced from Microsoft Academic - https://academic.microsoft.com/paper/2078940883",
	year="1997"
}


@article{nakkiran2019sgd,
	title="{SGD} on Neural Networks Learns Functions of Increasing Complexity.",
	author="Preetum {Nakkiran} and Gal {Kaplun} and Dimitris {Kalimeris} and Tristan {Yang} and Benjamin L. {Edelman} and Fred {Zhang} and Boaz {Barak}",
	journal="arXiv preprint arXiv:1905.11604",
	notes="Sourced from Microsoft Academic - https://academic.microsoft.com/paper/2947785987",
	year="2019"
}

@inproceedings{valle-perez2019deep,
	title="Deep learning generalizes because the parameter-function map is biased towards simple functions",
	author="Guillermo {Valle-Perez} and Chico Q. {Camargo} and Ard {Louis}",
	booktitle="ICLR 2019: 7th International Conference on Learning Representations",
	notes="Sourced from Microsoft Academic - https://academic.microsoft.com/paper/2964122761",
	year="2019"
}

@article{linial1993constant,
	title="Constant depth circuits, Fourier transform, and learnability",
	author="Nathan {Linial} and Yishay {Mansour} and Noam {Nisan}",
	journal="Journal of the ACM",
	volume="40",
	number="3",
	pages="607--620",
	notes="Sourced from Microsoft Academic - https://academic.microsoft.com/paper/2042194938",
	year="1993"
}

@inproceedings{kahn1988the,
	title="The influence of variables on Boolean functions",
	author="J. {Kahn} and G. {Kalai} and N. {Linial}",
	booktitle="[Proceedings 1988] 29th Annual Symposium on Foundations of Computer Science",
	pages="68--80",
	notes="Sourced from Microsoft Academic - https://academic.microsoft.com/paper/2103749128",
	year="1988"
}

@article{samorodnitsky2009gowers,
	title="Gowers Uniformity, Influence of Variables, and PCPs",
	author="Alex {Samorodnitsky} and Luca {Trevisan}",
	journal="SIAM Journal on Computing",
	volume="39",
	number="1",
	pages="323--360",
	notes="Sourced from Microsoft Academic - https://academic.microsoft.com/paper/2055711302",
	year="2009"
}

@article{bruck1992polynomial,
	title="Polynomial threshold functions, AC 0 functions, and spectral norms",
	author="Jehoshua {Bruck} and Roman {Smolensky}",
	journal="SIAM Journal on Computing",
	volume="21",
	number="1",
	pages="33--42",
	notes="Sourced from Microsoft Academic - https://academic.microsoft.com/paper/2117508909",
	year="1992"
}

@article{torvik2002minimizing,
	title="Minimizing the Average Query Complexity of Learning Monotone Boolean Functions",
	author="Vetle I. {Torvik} and Evangelos {Triantaphyllou}",
	journal="Informs Journal on Computing",
	volume="14",
	number="2",
	pages="144--174",
	notes="Sourced from Microsoft Academic - https://academic.microsoft.com/paper/2151393344",
	year="2002"
}

@article{anthony1995on,
	title="On specifying Boolean functions by labelled examples",
	author="Martin {Anthony} and Graham {Brightwell} and John {Shawe-Taylor}",
	journal="Discrete Applied Mathematics",
	volume="61",
	number="1",
	pages="1--25",
	notes="Sourced from Microsoft Academic - https://academic.microsoft.com/paper/1974820192",
	year="1995"
}

@article{franco2001generalization,
	title="Generalization properties of modular networks: implementing the parity function",
	author="L. {Franco} and S.A. {Cannas}",
	journal="IEEE Transactions on Neural Networks",
	volume="12",
	number="6",
	pages="1306--1313",
	notes="Sourced from Microsoft Academic - https://academic.microsoft.com/paper/2155258457",
	year="2001"
}

@article{gál2002a,
	title="A Theorem on Sensitivity and Applications in Private Computation",
	author="Anna {Gál} and Adi {Rosén}",
	journal="SIAM Journal on Computing",
	volume="31",
	number="5",
	pages="1424--1437",
	notes="Sourced from Microsoft Academic - https://academic.microsoft.com/paper/1980995759",
	year="2002"
}



@inproceedings{nakkiran2020deep,
	title="Deep Double Descent: Where Bigger Models and More Data Hurt",
	author="Preetum {Nakkiran} and Gal {Kaplun} and Yamini {Bansal} and Tristan {Yang} and Boaz {Barak} and Ilya {Sutskever}",
	booktitle="ICLR 2020: Eighth International Conference on Learning Representations",
	notes="Sourced from Microsoft Academic - https://academic.microsoft.com/paper/2996603747",
	year="2020"
}

@inproceedings{lee2019wide,
	title="Wide Neural Networks of Any Depth Evolve as Linear Models Under Gradient Descent",
	author="Jaehoon {Lee} and Lechao {Xiao} and Samuel {Schoenholz} and Yasaman {Bahri} and Roman {Novak} and Jascha {Sohl-Dickstein} and Jeffrey {Pennington}",
	booktitle="NeurIPS 2019: Thirty-third Conference on {N}eural {I}nformation {P}rocessing {S}ystems",
	pages="8572--8583",
	notes="Sourced from Microsoft Academic - https://academic.microsoft.com/paper/2970217468",
	year="2019"
}

@inproceedings{chatterjee2020coherent,
	title="Coherent Gradients: An Approach to Understanding Generalization in Gradient Descent-based Optimization",
	author="Sat {Chatterjee}",
	booktitle="ICLR 2020: Eighth International Conference on Learning Representations",
	notes="Sourced from Microsoft Academic - https://academic.microsoft.com/paper/2995185977",
	year="2020"
}

@article{cao2019towards,
	title="Towards Understanding the Spectral Bias of Deep Learning",
	author="Yuan {Cao} and Zhiying {Fang} and Yue {Wu} and Ding-Xuan {Zhou} and Quanquan {Gu}",
	journal="arXiv preprint arXiv:1912.01198",
	notes="Sourced from Microsoft Academic - https://academic.microsoft.com/paper/2994110075",
	year="2019"
}

@inproceedings{gissin2020the,
	title="The Implicit Bias of Depth: How Incremental Learning Drives Generalization",
	author="Daniel {Gissin} and Shai {Shalev-Shwartz} and Amit {Daniely}",
	booktitle="ICLR 2020: Eighth International Conference on Learning Representations",
	notes="Sourced from Microsoft Academic - https://academic.microsoft.com/paper/2996210821",
	year="2020"
}




@inproceedings{rahaman2019on,
	title="On the Spectral Bias of Neural Networks",
	author="Nasim {Rahaman} and Aristide {Baratin} and Devansh {Arpit} and Felix {Draxler} and Min {Lin} and Fred {Hamprecht} and Yoshua {Bengio} and Aaron {Courville}",
	booktitle="ICML 2019: Thirty-sixth International Conference on Machine Learning",
	pages="5301--5310",
	notes="Sourced from Microsoft Academic - https://academic.microsoft.com/paper/2897097528",
	year="2019"
}


@article{radford2019language,
  title={Language models are unsupervised multitask learners},
  author={Radford, Alec and Wu, Jeffrey and Child, Rewon and Luan, David and Amodei, Dario and Sutskever, Ilya},
  journal={OpenAI Blog},
  volume={1},
  number={8},
  pages={9},
  year={2019}
}

@article{jaeger2012formal,
	title="Formal language theory: refining the Chomsky hierarchy",
	author="Gerhard {Jäger} and James {Rogers}",
	journal="Philosophical Transactions of the Royal Society B",
	volume="367",
	number="1598",
	pages="1956--1970",
	notes="Sourced from Microsoft Academic - https://academic.microsoft.com/paper/2115912164",
	year="2012"
}



@article{suzgun2019on,
	title="On Evaluating the Generalization of {LSTM} Models in Formal Languages",
	author="Mirac {Suzgun} and Yonatan {Belinkov} and Stuart M. {Shieber}",
	journal="Proceedings of the Society for Computation in Linguistics",
	volume="2",
	number="1",
	pages="277--286",
	notes="Sourced from Microsoft Academic - https://academic.microsoft.com/paper/2963723151",
	year="2019"
}


@article{merrill2020a,
	title="A Formal Hierarchy of RNN Architectures.",
	author="William {Merrill} and Gail {Weiss} and Yoav {Goldberg} and Roy {Schwartz} and Noah A. {Smith} and Eran {Yahav}",
	journal="arXiv preprint arXiv:2004.08500",
	notes="Sourced from Microsoft Academic - https://academic.microsoft.com/paper/3017116062",
	year="2020"
}


@article{jeretic2020are,
	title="Are Natural Language Inference Models IMPPRESsive? Learning IMPlicature and PRESupposition.",
	author="Paloma {Jeretic} and Alex {Warstadt} and Suvrat {Bhooshan} and Adina {Williams}",
	journal="arXiv preprint arXiv:2004.03066",
	notes="Sourced from Microsoft Academic - https://academic.microsoft.com/paper/3015830489",
	year="2020"
}

@article{szegedy2013intriguing,
  title={Intriguing properties of neural networks},
  author={Szegedy, Christian and Zaremba, Wojciech and Sutskever, Ilya and Bruna, Joan and Erhan, Dumitru and Goodfellow, Ian and Fergus, Rob},
  journal={arXiv preprint arXiv:1312.6199},
  year={2013}
}

@inproceedings{xu2019training,
  title={Training behavior of deep neural network in frequency domain},
  author={Xu, Zhi-Qin John and Zhang, Yaoyu and Xiao, Yanyang},
  booktitle={International Conference on Neural Information Processing},
  pages={264--274},
  year={2019},
  organization={Springer}
}

@article{soudry2018implicit,
  title={The implicit bias of gradient descent on separable data},
  author={Soudry, Daniel and Hoffer, Elad and Nacson, Mor Shpigel and Gunasekar, Suriya and Srebro, Nathan},
  journal={The Journal of Machine Learning Research},
  volume={19},
  number={1},
  pages={2822--2878},
  year={2018},
  publisher={JMLR. org}
}

@inproceedings{gunasekar2018implicit,
  title={Implicit bias of gradient descent on linear convolutional networks},
  author={Gunasekar, Suriya and Lee, Jason D and Soudry, Daniel and Srebro, Nati},
  booktitle={Advances in {N}eural {I}nformation {P}rocessing {S}ystems},
  pages={9461--9471},
  year={2018}
}
@article{novak2018sensitivity,
  title={Sensitivity and generalization in neural networks: an empirical study},
  author={Novak, Roman and Bahri, Yasaman and Abolafia, Daniel A and Pennington, Jeffrey and Sohl-Dickstein, Jascha},
  journal={arXiv preprint arXiv:1802.08760},
  year={2018}
}

@article{wieting2015towards,
  title={Towards universal paraphrastic sentence embeddings},
  author={Wieting, John and Bansal, Mohit and Gimpel, Kevin and Livescu, Karen},
  journal={arXiv preprint arXiv:1511.08198},
  year={2015}
}
@inproceedings{arora2016simple,
	title="A Simple but Tough-to-Beat Baseline for Sentence Embeddings",
	author="Sanjeev {Arora} and Yingyu {Liang} and Tengyu {Ma}",
	booktitle="ICLR 2017: International Conference on Learning Representations 2017",
	notes="Sourced from Microsoft Academic - https://academic.microsoft.com/paper/2752172973",
	year="2017"
}

@article{gissin2019implicit,
  title={The Implicit Bias of Depth: How Incremental Learning Drives Generalization},
  author={Gissin, Daniel and Shalev-Shwartz, Shai and Daniely, Amit},
  journal={arXiv preprint arXiv:1909.12051},
  year={2019}
}

@inproceedings{horne1994bounds,
  title={Bounds on the complexity of recurrent neural network implementations of finite state machines},
  author={Horne, Bill G and Hush, Don R},
  booktitle={Advances in {N}eural Information Processing Systems},
  pages={359--366},
  year={1994}
}



@article{bourgain1992influence,
  title={The influence of variables in product spaces},
  author={Bourgain, Jean and Kahn, Jeff and Kalai, Gil and Katznelson, Yitzhak and Linial, Nathan},
  journal={Israel Journal of Mathematics},
  volume={77},
  number={1-2},
  pages={55--64},
  year={1992},
  publisher={Springer}
}

@article{hatami2009decision,
  title={Decision trees and influences of variables over product probability spaces},
  author={Hatami, Hamed},
  journal={Combinatorics, Probability and Computing},
  volume={18},
  number={3},
  pages={357--369},
  year={2009},
  publisher={Cambridge University Press}
}

@inproceedings{mossel2005noise,
  title={Noise stability of functions with low influences: invariance and optimality},
  author={Mossel, Elchanan and O'Donnell, Ryan and Oleszkiewicz, Krzysztof},
  booktitle={46th Annual IEEE Symposium on Foundations of Computer Science (FOCS'05)},
  pages={21--30},
  year={2005},
  organization={IEEE}
}

@article{keller2011influences,
  title={On the influences of variables on Boolean functions in product spaces},
  author={Keller, Nathan},
  journal={Combinatorics, Probability and Computing},
  volume={20},
  number={1},
  pages={83--102},
  year={2011},
  publisher={Cambridge University Press}
}

@inproceedings{petrov2012a,
	title="A Universal Part-of-Speech Tagset",
	author="Slav {Petrov} and Dipanjan {Das} and Ryan {McDonald}",
	booktitle="Proceedings of the Eighth International Conference on Language Resources and Evaluation (LREC-2012)",
	pages="2089--2096",
	notes="Sourced from Microsoft Academic - https://academic.microsoft.com/paper/2143995218",
	year="2012"
}


@inproceedings{nivre2016universal,
	title="Universal Dependencies v1: A Multilingual Treebank Collection",
	author="Joakim {Nivre} and Marie-Catherine de {Marneffe} and Filip {Ginter} and Yoav {Goldberg} and Jan {Hajic} and Christopher D. {Manning} and Ryan T. {McDonald} and Slav {Petrov} and Sampo {Pyysalo} and Natalia {Silveira} and Reut {Tsarfaty} and Daniel {Zeman}",
	booktitle="Tenth International Conference on Language Resources and Evaluation (LREC 2016)",
	notes="Sourced from Microsoft Academic - https://academic.microsoft.com/paper/2579343286",
	year="2016"
}


@article{grimmett2016influence,
	title="Influence in product spaces",
	author="Geoffrey R. {Grimmett} and Svante {Janson} and James R. {Norris}",
	journal="Advances in Applied Probability",
	volume="48",
	pages="145--152",
	notes="Sourced from Microsoft Academic - https://academic.microsoft.com/paper/2247076637",
	year="2016"
}

@article{graham2006influence,
	title="Influence and sharp-threshold theorems for monotonic measures",
	author="B. T. {Graham} and G. R. {Grimmett}",
	journal="Annals of Probability",
	volume="34",
	number="5",
	pages="1726--1745",
	notes="Sourced from Microsoft Academic - https://academic.microsoft.com/paper/2034647305",
	year="2006"
}

@article{graham2011sharp,
	title="Sharp thresholds for the random-cluster and Ising models",
	author="Benjamin T. {Graham} and Geoffrey {Grimmett}",
	journal="Annals of Applied Probability",
	volume="21",
	number="1",
	pages="240--265",
	notes="Sourced from Microsoft Academic - https://academic.microsoft.com/paper/2004060089",
	year="2011"
}

@inproceedings{rajpurkar2016squad,
	title="SQuAD: 100,000+ Questions for Machine Comprehension of Text",
	author="Pranav {Rajpurkar} and Jian {Zhang} and Konstantin {Lopyrev} and Percy {Liang}",
	booktitle="Proceedings of the 2016 Conference on Empirical Methods in Natural
      Language Processing",
	pages="2383--2392",
	notes="Sourced from Microsoft Academic - https://academic.microsoft.com/paper/2963748441",
	year="2016"
}

@inproceedings{williams2018a,
	title="A BROAD-COVERAGE CHALLENGE CORPUS FOR SENTENCE UNDERSTANDING THROUGH INFERENCE",
	author="Adina {Williams} and Nikita {Nangia} and Samuel {Bowman}",
	booktitle="NAACL HLT 2018: 16th Annual Conference of the North American Chapter of the Association for Computational Linguistics: Human Language Technologies",
	volume="1",
	pages="1112--1122",
	notes="Sourced from Microsoft Academic - https://academic.microsoft.com/paper/2963846996",
	year="2018"
}

@inproceedings{levesque2012the,
	title="The Winograd schema challenge",
	author="Hector J. {Levesque} and Ernest {Davis} and Leora {Morgenstern}",
	booktitle="KR'12 Proceedings of the Thirteenth International Conference on Principles of Knowledge Representation and Reasoning",
	pages="552--561",
	notes="Sourced from Microsoft Academic - https://academic.microsoft.com/paper/1599016936",
	year="2012"
}

@article{warstadt2019neural,
	title="Neural Network Acceptability Judgments",
	author="Alex {Warstadt} and Amanpreet {Singh} and Samuel R. {Bowman}",
	journal="Transactions of the Association for Computational Linguistics",
	volume="7",
	pages="625--641",
	notes="Sourced from Microsoft Academic - https://academic.microsoft.com/paper/2978670439",
	year="2019"
}

@incollection{dolan2005automatically,
  author    = {William B. Dolan and
               Chris Brockett},
  title     = {Automatically Constructing a Corpus of Sentential Paraphrases},
  booktitle = {Proceedings of the Third International Workshop on Paraphrasing, IWP@IJCNLP
               2005, Jeju Island, Korea, October 2005, 2005},
  publisher = {Asian Federation of Natural Language Processing},
  year      = {2005},
  url       = {https://www.aclweb.org/anthology/I05-5002/},
  timestamp = {Tue, 17 Sep 2019 17:11:58 +0200},
  biburl    = {https://dblp.org/rec/conf/acl-iwp/DolanB05.bib},
  bibsource = {dblp computer science bibliography, https://dblp.org}
}

@article{bjerva2017cross,
	title="Cross-lingual Learning of Semantic Textual Similarity with Multilingual Word Representations",
	author="Johannes {Bjerva} and Robert {Östling}",
	journal="Proceedings of the 21st Nordic Conference on Computational Linguistics, NoDaLiDa, 22-24 May 2017, Gothenburg, Sweden",
	number="131",
	pages="211--215",
	notes="Sourced from Microsoft Academic - https://academic.microsoft.com/paper/2680186315",
	year="2017"
}

@inproceedings{cer2017semeval,
	title="SemEval-2017 Task 1: Semantic Textual Similarity Multilingual and Crosslingual Focused Evaluation",
	author="Daniel M. {Cer} and Mona T. {Diab} and Eneko {Agirre} and Iñigo {Lopez-Gazpio} and Lucia {Specia}",
	booktitle="Proceedings of the 11th International Workshop on Semantic Evaluation
      (SemEval-2017)",
	pages="1--14",
	notes="Sourced from Microsoft Academic - https://academic.microsoft.com/paper/2739351760",
	year="2017"
}

@article{chomsky1956three,
	title="Three models for the description of language",
	author="N. {Chomsky}",
	journal="IEEE Transactions on Information Theory",
	volume="2",
	number="3",
	pages="113--124",
	notes="Sourced from Microsoft Academic - https://academic.microsoft.com/paper/2124479173",
	year="1956"
}

@book{li1993an,
	title="An introduction to Kolmogorov complexity and its applications",
	author="Ming {Li} and Paul {Vitányi}",
	notes="Sourced from Microsoft Academic - https://academic.microsoft.com/paper/1638203394",
	publisher={Springer},
	year="1993"
}

@article{dingle2018input,
	title="Input-output maps are strongly biased towards simple outputs.",
	author="Kamaludin {Dingle} and Chico Q. {Camargo} and Ard A. {Louis}",
	journal="Nature Communications",
	volume="9",
	number="1",
	pages="761--761",
	notes="Sourced from Microsoft Academic - https://academic.microsoft.com/paper/2794316594",
	year="2018"
}

@inproceedings{pennington2014glove,
	title="Glove: Global Vectors for Word Representation",
	author="Jeffrey {Pennington} and Richard {Socher} and Christopher {Manning}",
	booktitle="Proceedings of the 2014 Conference on Empirical Methods in Natural Language Processing (EMNLP)",
	pages="1532--1543",
	notes="Sourced from Microsoft Academic - https://academic.microsoft.com/paper/2250539671",
	year="2014"
}

@inproceedings{ethayarajh2018unsupervised,
	title="Unsupervised Random Walk Sentence Embeddings: A Strong but Simple Baseline",
	author="Kawin {Ethayarajh}",
	booktitle="Proceedings of The Third Workshop on Representation Learning for NLP",
	pages="91--100",
	notes="Sourced from Microsoft Academic - https://academic.microsoft.com/paper/2887005207",
	year="2018"
}

@inproceedings{kaushik2018how,
	title="How Much Reading Does Reading Comprehension Require? A Critical Investigation of Popular Benchmarks",
	author="Divyansh {Kaushik} and Zachary C. {Lipton}",
	booktitle="EMNLP 2018: 2018 Conference on Empirical Methods in Natural Language Processing",
	pages="5010--5015",
	notes="Sourced from Microsoft Academic - https://academic.microsoft.com/paper/2962727366",
	year="2018"
}

@inproceedings{gururangan2018annotation,
	title="Annotation artifacts in natural language inference data",
	author="Suchin {Gururangan} and Swabha {Swayamdipta} and Omer {Levy} and Roy {Schwartz} and Samuel {Bowman} and Noah A. {Smith}",
	booktitle="NAACL HLT 2018: 16th Annual Conference of the North American Chapter of the Association for Computational Linguistics: Human Language Technologies",
	volume="2",
	pages="107--112",
	notes="Sourced from Microsoft Academic - https://academic.microsoft.com/paper/2962736243",
	year="2018"
}


@inproceedings{poliak2018hypothesis,
	title="Hypothesis Only Baselines in Natural Language Inference",
	author="Adam {Poliak} and Jason {Naradowsky} and Aparajita {Haldar} and Rachel {Rudinger} and Benjamin Van {Durme}",
	booktitle="
          Proceedings of the Seventh Joint Conference on Lexical and
          Computational Semantics
        ",
	pages="180--191",
	notes="Sourced from Microsoft Academic - https://academic.microsoft.com/paper/2962843521",
	year="2018"
}


@inproceedings{liao2020probabilistically,
	title="Probabilistically Masked Language Model Capable of Autoregressive Generation in Arbitrary Word Order",
	author="Yi {Liao} and Xin {Jiang} and Qun {Liu}",
	booktitle="Proceedings of the 58th Annual Meeting of the Association for Computational Linguistics",
	pages="263--274",
	notes="Sourced from Microsoft Academic - https://academic.microsoft.com/paper/3034878914",
	year="2020"
}




@article{datta2020geometry,
  author    = {Debajyoti Datta and
               Shashwat Kumar and
               Laura E. Barnes and
               Tom Fletcher},
  title     = {Geometry matters: Exploring language examples at the decision boundary},
  journal   = {CoRR},
  volume    = {abs/2010.07212},
  year      = {2020},
  url       = {https://arxiv.org/abs/2010.07212},
  archivePrefix = {arXiv},
  eprint    = {2010.07212},
  timestamp = {Tue, 20 Oct 2020 15:08:10 +0200},
  biburl    = {https://dblp.org/rec/journals/corr/abs-2010-07212.bib},
  bibsource = {dblp computer science bibliography, https://dblp.org}
}

@article{smith2013effect,
  author =        {Smith, Nathaniel J. and Levy, Roger},
  journal =       {Cognition},
  number =        {3},
  pages =         {302--319},
  publisher =     {Elsevier},
  title =         {The effect of word predictability on reading time is
                   logarithmic},
  volume =        {128},
  year =          {2013},
}


@inproceedings{hale2001probabilistic,
  author =        {Hale, John T.},
  booktitle =     {Proceedings of the Second Meeting of the North
                   American Chapter of the Association for Computational
                   Linguistics and Language Technologies},
  pages =         {1--8},
  title =         {A probabilistic {Earley} parser as a psycholinguistic
                   model},
  year =          {2001},
}

@article{levy2008expectation,
  author =        {Levy, Roger},
  journal =       {Cognition},
  number =        {3},
  pages =         {1126--1177},
  publisher =     {Elsevier},
  title =         {Expectation-based syntactic comprehension},
  volume =        {106},
  year =          {2008},
}

@article{gibson1998linguistic,
  author =        {Gibson, Edward},
  journal =       {Cognition},
  number =        {1},
  pages =         {1--76},
  title =         {Linguistic complexity: Locality of syntactic
                   dependencies},
  volume =        {68},
  year =          {1998},
}

@inproceedings{nangia2019human,
	title="Human vs. Muppet: A conservative estimate of human performance on the GLUE benchmark",
	author="Nikita {Nangia} and Samuel R. {Bowman}",
	booktitle="Proceedings of the 57th Annual Meeting of the Association for Computational Linguistics",
	pages="4566--4575",
	notes="Sourced from Microsoft Academic - https://academic.microsoft.com/paper/2945067664",
	year="2019"
}

@inproceedings{chelba2014one,
	title="One billion word benchmark for measuring progress in statistical language modeling.",
	author="Ciprian {Chelba} and Tomas {Mikolov} and Mike {Schuster} and Qi {Ge} and Thorsten {Brants} and Phillipp {Koehn} and Tony {Robinson}",
	booktitle="INTERSPEECH",
	pages="2635--2639",
	notes="Sourced from Microsoft Academic - https://academic.microsoft.com/paper/2611669587",
	year="2014"
}


